@ARTICLE{Randall2018,
       author = {{Randall}, Lisa and {Xianyu}, Zhong-Zhi},
        title = "{An Analytical Portrait of Binary Mergers in Hierarchical Triple Systems}",
      journal = {\apj},
     keywords = {binaries: close, gravitational waves, General Relativity and Quantum Cosmology, Astrophysics - High Energy Astrophysical Phenomena, High Energy Physics - Phenomenology, High Energy Physics - Theory},
         year = "2018",
        month = "Sep",
       volume = {864},
       number = {2},
          eid = {134},
        pages = {134},
          doi = {10.3847/1538-4357/aad7fe},
archivePrefix = {arXiv},
       eprint = {1802.05718},
 primaryClass = {gr-qc},
       adsurl = {https://ui.adsabs.harvard.edu/abs/2018ApJ...864..134R},
      adsnote = {Provided by the SAO/NASA Astrophysics Data System}
}

@ARTICLE{Gupta2019,
	author = {{Gupta}, Priti and {Suzuki}, Haruka and {Okawa}, Hirotada and
	{Maeda}, Kei-ichi},
	title = "{Gravitational Waves from Hierarchical Triple Systems with Kozai-Lidov Oscillation}",
	journal = {arXiv e-prints},
	keywords = {General Relativity and Quantum Cosmology},
	year = "2019",
	month = "Nov",
	eid = {arXiv:1911.11318},
	pages = {arXiv:1911.11318},
	archivePrefix = {arXiv},
	eprint = {1911.11318},
	primaryClass = {gr-qc},
	adsurl = {https://ui.adsabs.harvard.edu/abs/2019arXiv191111318G},
	adsnote = {Provided by the SAO/NASA Astrophysics Data System}
}

@ARTICLE{Robson2019,
	author = {{Robson}, Travis and {Cornish}, Neil J. and {Liu}, Chang},
	title = "{The construction and use of LISA sensitivity curves}",
	journal = {Classical and Quantum Gravity},
	keywords = {Astrophysics - High Energy Astrophysical Phenomena, General Relativity and Quantum Cosmology},
	year = "2019",
	month = "May",
	volume = {36},
	number = {10},
	eid = {105011},
	pages = {105011},
	doi = {10.1088/1361-6382/ab1101},
	archivePrefix = {arXiv},
	eprint = {1803.01944},
	primaryClass = {astro-ph.HE},
	adsurl = {https://ui.adsabs.harvard.edu/abs/2019CQGra..36j5011R},
	adsnote = {Provided by the SAO/NASA Astrophysics Data System}
}


@ARTICLE{Cutler1994,
	author = {{Cutler}, Curt and {Flanagan}, {\'E}anna E.},
	title = "{Gravitational waves from merging compact binaries: How accurately can one extract the binary's parameters from the inspiral waveform\textbackslash?}",
	journal = {\prd},
	keywords = {04.80.Nn, 04.30.Db, 97.60.Jd, 97.80.Af, Gravitational wave detectors and experiments, Wave generation and sources, Neutron stars, Astrometric and interferometric binaries, General Relativity and Quantum Cosmology, Astrophysics},
	year = "1994",
	month = "Mar",
	volume = {49},
	number = {6},
	pages = {2658-2697},
	doi = {10.1103/PhysRevD.49.2658},
	archivePrefix = {arXiv},
	eprint = {gr-qc/9402014},
	primaryClass = {gr-qc},
	adsurl = {https://ui.adsabs.harvard.edu/abs/1994PhRvD..49.2658C},
	adsnote = {Provided by the SAO/NASA Astrophysics Data System}
}


